<?xml version="1.0" encoding="UTF-8"?><collection xmlns="http://www.loc.gov/MARC21/slim"><record><leader>00527nam--2200205-u-4500</leader><controlfield tag="001">000052899</controlfield><controlfield tag="002">20161230</controlfield><controlfield tag="005">20170205213705</controlfield><controlfield tag="008">101126s1000------------r-----000-0-rus-d</controlfield><datafield ind1=" " ind2=" " tag="040"><subfield code="a">IFIN-HH</subfield></datafield><datafield ind1=" " ind2=" " tag="041"><subfield code="a">rus</subfield></datafield><datafield ind1=" " ind2=" " tag="080"><subfield code="a">535.31</subfield></datafield><datafield ind1="1" ind2=" " tag="100"><subfield code="a">Francon, M</subfield></datafield><datafield ind1="1" ind2="0" tag="245"><subfield code="a">Kogerentnosti v optike</subfield><subfield code="c">M. Francon; S. Slansky</subfield></datafield><datafield ind1=" " ind2=" " tag="260"><subfield code="a">Moskva</subfield><subfield code="b">Nauka</subfield><subfield code="c">1967</subfield></datafield><datafield ind1=" " ind2=" " tag="300"><subfield code="a">80 p</subfield></datafield><datafield ind1=" " ind2=" " tag="500"><subfield code="3">Titlul original in limba franceza: Coherence en optique</subfield></datafield><datafield ind1="1" ind2=" " tag="700"><subfield code="a">Slansky, S</subfield></datafield><datafield ind1=" " ind2=" " tag="852"><subfield code="a">76030</subfield><subfield code="c">535</subfield></datafield><datafield ind1=" " ind2=" " tag="CAT"><subfield code="a">SYS</subfield><subfield code="c">20170205</subfield><subfield code="h">213705</subfield></datafield></record></collection>